#FLAGGA 0
#FORMAT PC8
#SIETYP 4
#PROGRAM "Turtle Pay Kundportal" 2021.1
#GEN 20210408
#FNAMN "Test Bolaget AB"
#ORGNR 556000-0000
#KPTYP BAS95
#KONTO 3008 ""
#KONTO 1610 ""
#KONTO 4000 ""
#KONTO 1900 ""
#VER T 200 20210406 "Turtle Pay App 432"
{
#TRANS 3008 {} -500.00
#TRANS 1610 {} 500.00
#TRANS 1610 {} -10.00
#TRANS 4000 {} 10.00
}
#VER T 201 20210406 ""
{
#TRANS 1900 {} -46.00
#TRANS 1610 {} 46.00
}
